%YAML 1.1
%TAG !u! tag:unity3d.com,2011:
--- !u!1 &5828631907035264712
GameObject:
  m_ObjectHideFlags: 0
  m_CorrespondingSourceObject: {fileID: 0}
  m_PrefabInstance: {fileID: 0}
  m_PrefabAsset: {fileID: 0}
  serializedVersion: 6
  m_Component:
  - component: {fileID: 6366760461430533536}
  - component: {fileID: 8257106380229555309}
  m_Layer: 9
  m_Name: Flower_0
  m_TagString: Untagged
  m_Icon: {fileID: 0}
  m_NavMeshLayer: 0
  m_StaticEditorFlags: 0
  m_IsActive: 1
--- !u!4 &6366760461430533536
Transform:
  m_ObjectHideFlags: 0
  m_CorrespondingSourceObject: {fileID: 0}
  m_PrefabInstance: {fileID: 0}
  m_PrefabAsset: {fileID: 0}
  m_GameObject: {fileID: 5828631907035264712}
  m_LocalRotation: {x: 0, y: 0, z: 0, w: 1}
  m_LocalPosition: {x: 0, y: 0, z: 0}
  m_LocalScale: {x: 1, y: 1, z: 1}
  m_Children:
  - {fileID: 3102188050609340698}
  - {fileID: 2353870690784084215}
  m_Father: {fileID: 0}
  m_RootOrder: 0
  m_LocalEulerAnglesHint: {x: 0, y: 0, z: 0}
--- !u!114 &8257106380229555309
MonoBehaviour:
  m_ObjectHideFlags: 0
  m_CorrespondingSourceObject: {fileID: 0}
  m_PrefabInstance: {fileID: 0}
  m_PrefabAsset: {fileID: 0}
  m_GameObject: {fileID: 5828631907035264712}
  m_Enabled: 1
  m_EditorHideFlags: 0
  m_Script: {fileID: 11500000, guid: ad47a50f7d60aba48bf0f8454137f365, type: 3}
  m_Name: 
  m_EditorClassIdentifier: 
  _group: 2
  _id: 0
  decoratorScale: 0.02
  _minimumScale: 0
  _maximumScale: 0.01
  view: {fileID: 2353870690784084215}
--- !u!1001 &2106861898769606567
PrefabInstance:
  m_ObjectHideFlags: 0
  serializedVersion: 2
  m_Modification:
    m_TransformParent: {fileID: 6366760461430533536}
    m_Modifications:
    - target: {fileID: 672795275851201435, guid: c4530f1115220e04a9468624142c2af7,
        type: 3}
      propertyPath: m_Name
      value: Grass
      objectReference: {fileID: 0}
    - target: {fileID: 672795275851201435, guid: c4530f1115220e04a9468624142c2af7,
        type: 3}
      propertyPath: m_Layer
      value: 9
      objectReference: {fileID: 0}
    - target: {fileID: 3904686999931430589, guid: c4530f1115220e04a9468624142c2af7,
        type: 3}
      propertyPath: m_LocalPosition.x
      value: 0
      objectReference: {fileID: 0}
    - target: {fileID: 3904686999931430589, guid: c4530f1115220e04a9468624142c2af7,
        type: 3}
      propertyPath: m_LocalPosition.y
      value: 0
      objectReference: {fileID: 0}
    - target: {fileID: 3904686999931430589, guid: c4530f1115220e04a9468624142c2af7,
        type: 3}
      propertyPath: m_LocalPosition.z
      value: 0
      objectReference: {fileID: 0}
    - target: {fileID: 3904686999931430589, guid: c4530f1115220e04a9468624142c2af7,
        type: 3}
      propertyPath: m_LocalRotation.x
      value: 0.7071068
      objectReference: {fileID: 0}
    - target: {fileID: 3904686999931430589, guid: c4530f1115220e04a9468624142c2af7,
        type: 3}
      propertyPath: m_LocalRotation.y
      value: -0
      objectReference: {fileID: 0}
    - target: {fileID: 3904686999931430589, guid: c4530f1115220e04a9468624142c2af7,
        type: 3}
      propertyPath: m_LocalRotation.z
      value: -0
      objectReference: {fileID: 0}
    - target: {fileID: 3904686999931430589, guid: c4530f1115220e04a9468624142c2af7,
        type: 3}
      propertyPath: m_LocalRotation.w
      value: 0.7071068
      objectReference: {fileID: 0}
    - target: {fileID: 3904686999931430589, guid: c4530f1115220e04a9468624142c2af7,
        type: 3}
      propertyPath: m_RootOrder
      value: 0
      objectReference: {fileID: 0}
    - target: {fileID: 3904686999931430589, guid: c4530f1115220e04a9468624142c2af7,
        type: 3}
      propertyPath: m_LocalEulerAnglesHint.x
      value: 90
      objectReference: {fileID: 0}
    - target: {fileID: 3904686999931430589, guid: c4530f1115220e04a9468624142c2af7,
        type: 3}
      propertyPath: m_LocalEulerAnglesHint.y
      value: 0
      objectReference: {fileID: 0}
    - target: {fileID: 3904686999931430589, guid: c4530f1115220e04a9468624142c2af7,
        type: 3}
      propertyPath: m_LocalEulerAnglesHint.z
      value: 0
      objectReference: {fileID: 0}
    m_RemovedComponents: []
  m_SourcePrefab: {fileID: 100100000, guid: c4530f1115220e04a9468624142c2af7, type: 3}
--- !u!4 &3102188050609340698 stripped
Transform:
  m_CorrespondingSourceObject: {fileID: 3904686999931430589, guid: c4530f1115220e04a9468624142c2af7,
    type: 3}
  m_PrefabInstance: {fileID: 2106861898769606567}
  m_PrefabAsset: {fileID: 0}
--- !u!1001 &2353870690784221815
PrefabInstance:
  m_ObjectHideFlags: 0
  serializedVersion: 2
  m_Modification:
    m_TransformParent: {fileID: 6366760461430533536}
    m_Modifications:
    - target: {fileID: 100000, guid: 655712df40035ff4fa29e178486924a2, type: 3}
      propertyPath: m_Name
      value: flower_red1
      objectReference: {fileID: 0}
    - target: {fileID: 100000, guid: 655712df40035ff4fa29e178486924a2, type: 3}
      propertyPath: m_Layer
      value: 9
      objectReference: {fileID: 0}
    - target: {fileID: 400000, guid: 655712df40035ff4fa29e178486924a2, type: 3}
      propertyPath: m_LocalPosition.x
      value: 0
      objectReference: {fileID: 0}
    - target: {fileID: 400000, guid: 655712df40035ff4fa29e178486924a2, type: 3}
      propertyPath: m_LocalPosition.y
      value: 0
      objectReference: {fileID: 0}
    - target: {fileID: 400000, guid: 655712df40035ff4fa29e178486924a2, type: 3}
      propertyPath: m_LocalPosition.z
      value: 0
      objectReference: {fileID: 0}
    - target: {fileID: 400000, guid: 655712df40035ff4fa29e178486924a2, type: 3}
      propertyPath: m_LocalRotation.x
      value: 0
      objectReference: {fileID: 0}
    - target: {fileID: 400000, guid: 655712df40035ff4fa29e178486924a2, type: 3}
      propertyPath: m_LocalRotation.y
      value: -0
      objectReference: {fileID: 0}
    - target: {fileID: 400000, guid: 655712df40035ff4fa29e178486924a2, type: 3}
      propertyPath: m_LocalRotation.z
      value: -0
      objectReference: {fileID: 0}
    - target: {fileID: 400000, guid: 655712df40035ff4fa29e178486924a2, type: 3}
      propertyPath: m_LocalRotation.w
      value: 1
      objectReference: {fileID: 0}
    - target: {fileID: 400000, guid: 655712df40035ff4fa29e178486924a2, type: 3}
      propertyPath: m_RootOrder
      value: 1
      objectReference: {fileID: 0}
    - target: {fileID: 400000, guid: 655712df40035ff4fa29e178486924a2, type: 3}
      propertyPath: m_LocalEulerAnglesHint.x
      value: 0
      objectReference: {fileID: 0}
    - target: {fileID: 400000, guid: 655712df40035ff4fa29e178486924a2, type: 3}
      propertyPath: m_LocalEulerAnglesHint.y
      value: 0
      objectReference: {fileID: 0}
    - target: {fileID: 400000, guid: 655712df40035ff4fa29e178486924a2, type: 3}
      propertyPath: m_LocalEulerAnglesHint.z
      value: 0
      objectReference: {fileID: 0}
    - target: {fileID: 400000, guid: 655712df40035ff4fa29e178486924a2, type: 3}
      propertyPath: m_LocalScale.x
      value: 12.102374
      objectReference: {fileID: 0}
    - target: {fileID: 400000, guid: 655712df40035ff4fa29e178486924a2, type: 3}
      propertyPath: m_LocalScale.y
      value: 12.102374
      objectReference: {fileID: 0}
    - target: {fileID: 400000, guid: 655712df40035ff4fa29e178486924a2, type: 3}
      propertyPath: m_LocalScale.z
      value: 12.102374
      objectReference: {fileID: 0}
    m_RemovedComponents: []
  m_SourcePrefab: {fileID: 100100000, guid: 655712df40035ff4fa29e178486924a2, type: 3}
--- !u!4 &2353870690784084215 stripped
Transform:
  m_CorrespondingSourceObject: {fileID: 400000, guid: 655712df40035ff4fa29e178486924a2,
    type: 3}
  m_PrefabInstance: {fileID: 2353870690784221815}
  m_PrefabAsset: {fileID: 0}
