%YAML 1.1
%TAG !u! tag:unity3d.com,2011:
--- !u!1 &1196366102581798687
GameObject:
  m_ObjectHideFlags: 0
  m_CorrespondingSourceObject: {fileID: 0}
  m_PrefabInstance: {fileID: 0}
  m_PrefabAsset: {fileID: 0}
  serializedVersion: 6
  m_Component:
  - component: {fileID: 2586308824931255178}
  m_Layer: 9
  m_Name: TreeView
  m_TagString: Untagged
  m_Icon: {fileID: 0}
  m_NavMeshLayer: 0
  m_StaticEditorFlags: 0
  m_IsActive: 1
--- !u!4 &2586308824931255178
Transform:
  m_ObjectHideFlags: 0
  m_CorrespondingSourceObject: {fileID: 0}
  m_PrefabInstance: {fileID: 0}
  m_PrefabAsset: {fileID: 0}
  m_GameObject: {fileID: 1196366102581798687}
  m_LocalRotation: {x: 0, y: 0, z: 0, w: 1}
  m_LocalPosition: {x: 0, y: 0, z: 0}
  m_LocalScale: {x: 1, y: 1, z: 1}
  m_Children:
  - {fileID: 8031755599548739440}
  m_Father: {fileID: 6366760461430533536}
  m_RootOrder: 1
  m_LocalEulerAnglesHint: {x: 0, y: 0, z: 0}
--- !u!1 &5828631907035264712
GameObject:
  m_ObjectHideFlags: 0
  m_CorrespondingSourceObject: {fileID: 0}
  m_PrefabInstance: {fileID: 0}
  m_PrefabAsset: {fileID: 0}
  serializedVersion: 6
  m_Component:
  - component: {fileID: 6366760461430533536}
  - component: {fileID: 8257106380229555309}
  m_Layer: 9
  m_Name: Tree_2
  m_TagString: Untagged
  m_Icon: {fileID: 0}
  m_NavMeshLayer: 0
  m_StaticEditorFlags: 0
  m_IsActive: 1
--- !u!4 &6366760461430533536
Transform:
  m_ObjectHideFlags: 0
  m_CorrespondingSourceObject: {fileID: 0}
  m_PrefabInstance: {fileID: 0}
  m_PrefabAsset: {fileID: 0}
  m_GameObject: {fileID: 5828631907035264712}
  m_LocalRotation: {x: 0, y: 0, z: 0, w: 1}
  m_LocalPosition: {x: 0, y: 0, z: 0}
  m_LocalScale: {x: 1, y: 1, z: 1}
  m_Children:
  - {fileID: 5370448981764990494}
  - {fileID: 2586308824931255178}
  m_Father: {fileID: 0}
  m_RootOrder: 0
  m_LocalEulerAnglesHint: {x: 0, y: 0, z: 0}
--- !u!114 &8257106380229555309
MonoBehaviour:
  m_ObjectHideFlags: 0
  m_CorrespondingSourceObject: {fileID: 0}
  m_PrefabInstance: {fileID: 0}
  m_PrefabAsset: {fileID: 0}
  m_GameObject: {fileID: 5828631907035264712}
  m_Enabled: 1
  m_EditorHideFlags: 0
  m_Script: {fileID: 11500000, guid: ad47a50f7d60aba48bf0f8454137f365, type: 3}
  m_Name: 
  m_EditorClassIdentifier: 
  _group: 0
  _id: 2
  decoratorScale: 0.02
  _minimumScale: 0
  _maximumScale: 0.01
  view: {fileID: 8031755599548739440}
--- !u!1001 &8031755599548872176
PrefabInstance:
  m_ObjectHideFlags: 0
  serializedVersion: 2
  m_Modification:
    m_TransformParent: {fileID: 2586308824931255178}
    m_Modifications:
    - target: {fileID: 100000, guid: 828efe0a2687b2a489008119fb48aff0, type: 3}
      propertyPath: m_Name
      value: tree_default
      objectReference: {fileID: 0}
    - target: {fileID: 100000, guid: 828efe0a2687b2a489008119fb48aff0, type: 3}
      propertyPath: m_Layer
      value: 9
      objectReference: {fileID: 0}
    - target: {fileID: 400000, guid: 828efe0a2687b2a489008119fb48aff0, type: 3}
      propertyPath: m_LocalPosition.x
      value: 0
      objectReference: {fileID: 0}
    - target: {fileID: 400000, guid: 828efe0a2687b2a489008119fb48aff0, type: 3}
      propertyPath: m_LocalPosition.y
      value: 0
      objectReference: {fileID: 0}
    - target: {fileID: 400000, guid: 828efe0a2687b2a489008119fb48aff0, type: 3}
      propertyPath: m_LocalPosition.z
      value: 0
      objectReference: {fileID: 0}
    - target: {fileID: 400000, guid: 828efe0a2687b2a489008119fb48aff0, type: 3}
      propertyPath: m_LocalRotation.x
      value: -0
      objectReference: {fileID: 0}
    - target: {fileID: 400000, guid: 828efe0a2687b2a489008119fb48aff0, type: 3}
      propertyPath: m_LocalRotation.y
      value: -0
      objectReference: {fileID: 0}
    - target: {fileID: 400000, guid: 828efe0a2687b2a489008119fb48aff0, type: 3}
      propertyPath: m_LocalRotation.z
      value: -0
      objectReference: {fileID: 0}
    - target: {fileID: 400000, guid: 828efe0a2687b2a489008119fb48aff0, type: 3}
      propertyPath: m_LocalRotation.w
      value: 1
      objectReference: {fileID: 0}
    - target: {fileID: 400000, guid: 828efe0a2687b2a489008119fb48aff0, type: 3}
      propertyPath: m_RootOrder
      value: 0
      objectReference: {fileID: 0}
    - target: {fileID: 400000, guid: 828efe0a2687b2a489008119fb48aff0, type: 3}
      propertyPath: m_LocalEulerAnglesHint.x
      value: 0
      objectReference: {fileID: 0}
    - target: {fileID: 400000, guid: 828efe0a2687b2a489008119fb48aff0, type: 3}
      propertyPath: m_LocalEulerAnglesHint.y
      value: 0
      objectReference: {fileID: 0}
    - target: {fileID: 400000, guid: 828efe0a2687b2a489008119fb48aff0, type: 3}
      propertyPath: m_LocalEulerAnglesHint.z
      value: 0
      objectReference: {fileID: 0}
    - target: {fileID: 400000, guid: 828efe0a2687b2a489008119fb48aff0, type: 3}
      propertyPath: m_LocalScale.x
      value: 1
      objectReference: {fileID: 0}
    - target: {fileID: 400000, guid: 828efe0a2687b2a489008119fb48aff0, type: 3}
      propertyPath: m_LocalScale.y
      value: 1
      objectReference: {fileID: 0}
    - target: {fileID: 400000, guid: 828efe0a2687b2a489008119fb48aff0, type: 3}
      propertyPath: m_LocalScale.z
      value: 1
      objectReference: {fileID: 0}
    m_RemovedComponents: []
  m_SourcePrefab: {fileID: 100100000, guid: 828efe0a2687b2a489008119fb48aff0, type: 3}
--- !u!4 &8031755599548739440 stripped
Transform:
  m_CorrespondingSourceObject: {fileID: 400000, guid: 828efe0a2687b2a489008119fb48aff0,
    type: 3}
  m_PrefabInstance: {fileID: 8031755599548872176}
  m_PrefabAsset: {fileID: 0}
--- !u!1001 &8986817360057483427
PrefabInstance:
  m_ObjectHideFlags: 0
  serializedVersion: 2
  m_Modification:
    m_TransformParent: {fileID: 6366760461430533536}
    m_Modifications:
    - target: {fileID: 672795275851201435, guid: c4530f1115220e04a9468624142c2af7,
        type: 3}
      propertyPath: m_Name
      value: Grass
      objectReference: {fileID: 0}
    - target: {fileID: 3904686999931430589, guid: c4530f1115220e04a9468624142c2af7,
        type: 3}
      propertyPath: m_LocalPosition.x
      value: 0
      objectReference: {fileID: 0}
    - target: {fileID: 3904686999931430589, guid: c4530f1115220e04a9468624142c2af7,
        type: 3}
      propertyPath: m_LocalPosition.y
      value: 0
      objectReference: {fileID: 0}
    - target: {fileID: 3904686999931430589, guid: c4530f1115220e04a9468624142c2af7,
        type: 3}
      propertyPath: m_LocalPosition.z
      value: 0
      objectReference: {fileID: 0}
    - target: {fileID: 3904686999931430589, guid: c4530f1115220e04a9468624142c2af7,
        type: 3}
      propertyPath: m_LocalRotation.x
      value: 0.7071068
      objectReference: {fileID: 0}
    - target: {fileID: 3904686999931430589, guid: c4530f1115220e04a9468624142c2af7,
        type: 3}
      propertyPath: m_LocalRotation.y
      value: -0
      objectReference: {fileID: 0}
    - target: {fileID: 3904686999931430589, guid: c4530f1115220e04a9468624142c2af7,
        type: 3}
      propertyPath: m_LocalRotation.z
      value: -0
      objectReference: {fileID: 0}
    - target: {fileID: 3904686999931430589, guid: c4530f1115220e04a9468624142c2af7,
        type: 3}
      propertyPath: m_LocalRotation.w
      value: 0.7071068
      objectReference: {fileID: 0}
    - target: {fileID: 3904686999931430589, guid: c4530f1115220e04a9468624142c2af7,
        type: 3}
      propertyPath: m_RootOrder
      value: 0
      objectReference: {fileID: 0}
    - target: {fileID: 3904686999931430589, guid: c4530f1115220e04a9468624142c2af7,
        type: 3}
      propertyPath: m_LocalEulerAnglesHint.x
      value: 90
      objectReference: {fileID: 0}
    - target: {fileID: 3904686999931430589, guid: c4530f1115220e04a9468624142c2af7,
        type: 3}
      propertyPath: m_LocalEulerAnglesHint.y
      value: 0
      objectReference: {fileID: 0}
    - target: {fileID: 3904686999931430589, guid: c4530f1115220e04a9468624142c2af7,
        type: 3}
      propertyPath: m_LocalEulerAnglesHint.z
      value: 0
      objectReference: {fileID: 0}
    m_RemovedComponents: []
  m_SourcePrefab: {fileID: 100100000, guid: c4530f1115220e04a9468624142c2af7, type: 3}
--- !u!4 &5370448981764990494 stripped
Transform:
  m_CorrespondingSourceObject: {fileID: 3904686999931430589, guid: c4530f1115220e04a9468624142c2af7,
    type: 3}
  m_PrefabInstance: {fileID: 8986817360057483427}
  m_PrefabAsset: {fileID: 0}
